<?xml version="1.0" encoding="UTF-8"?>
<record>
  <leader>01963nam a2200313 c 4500</leader>
  <controlfield tag="003">DE-605</controlfield>
  <controlfield tag="005">20250828120438.0</controlfield>
  <controlfield tag="007">cr#|||||||||||</controlfield>
  <controlfield tag="008">250625|2025    au      o     ||| | ger c</controlfield>
  <controlfield tag="001">99375707820206441</controlfield>
  <datafield tag="035" ind1=" " ind2=" ">
    <subfield code="a">(DE-605)HT031171888</subfield>
  </datafield>
  <datafield tag="040" ind1=" " ind2=" ">
    <subfield code="a">DE-38M</subfield>
    <subfield code="b">ger</subfield>
    <subfield code="c">DE-38M</subfield>
    <subfield code="d">DE-38M</subfield>
    <subfield code="e">rda</subfield>
  </datafield>
  <datafield tag="041" ind1=" " ind2=" ">
    <subfield code="a">ger</subfield>
  </datafield>
  <datafield tag="044" ind1=" " ind2=" ">
    <subfield code="c">XA-AT</subfield>
  </datafield>
  <datafield tag="082" ind1="0" ind2=" ">
    <subfield code="a">610</subfield>
  </datafield>
  <datafield tag="245" ind1="0" ind2="0">
    <subfield code="a">Urologische Krebserkrankungen: Diagnose, Therapie, Nachsorge</subfield>
    <subfield code="b">urologische Krebserkrankungen beim Mann</subfield>
    <subfield code="c">Österreichische Krebshilfe</subfield>
  </datafield>
  <datafield tag="264" ind1=" " ind2="1">
    <subfield code="a">Wien</subfield>
    <subfield code="b">Österreichische Krebshilfe</subfield>
    <subfield code="c">04/25</subfield>
  </datafield>
  <datafield tag="300" ind1=" " ind2=" ">
    <subfield code="a">1 Online-Ressource (55 Seiten)</subfield>
    <subfield code="b">Illustrationen</subfield>
  </datafield>
  <datafield tag="336" ind1=" " ind2=" ">
    <subfield code="b">txt</subfield>
  </datafield>
  <datafield tag="337" ind1=" " ind2=" ">
    <subfield code="b">c</subfield>
  </datafield>
  <datafield tag="338" ind1=" " ind2=" ">
    <subfield code="b">cr</subfield>
  </datafield>
  <datafield tag="035" ind1=" " ind2=" ">
    <subfield code="a">(DE-599)HBZHT031171888</subfield>
  </datafield>
  <datafield tag="024" ind1="7" ind2=" ">
    <subfield code="a">10.4126/FRL01-006499866</subfield>
    <subfield code="2">doi</subfield>
  </datafield>
  <datafield tag="960" ind1="1" ind2=" ">
    <subfield code="i">iall</subfield>
    <subfield code="i">OA</subfield>
  </datafield>
  <datafield tag="960" ind1="1" ind2=" ">
    <subfield code="r">38 M: ellinet; GND: (DE-588)2130656-4</subfield>
  </datafield>
  <datafield tag="856" ind1="4" ind2="0">
    <subfield code="u">https://repository.publisso.de/resource/frl:6499866</subfield>
    <subfield code="z">kostenfrei</subfield>
    <subfield code="3">Volltext</subfield>
  </datafield>
  <datafield tag="710" ind1="2" ind2=" ">
    <subfield code="a">Österreichische Krebshilfe-Krebsgesellschaft</subfield>
    <subfield code="0">(DE-588)2130656-4</subfield>
    <subfield code="4">isb</subfield>
    <subfield code="0">https://d-nb.info/gnd/007773404</subfield>
    <subfield code="0">http://viaf.org/viaf/148440572</subfield>
    <subfield code="B">GND-007773404</subfield>
  </datafield>
  <datafield tag="506" ind1="0" ind2=" ">
    <subfield code="a">Open Access</subfield>
    <subfield code="f">Unrestricted online access</subfield>
    <subfield code="2">star</subfield>
  </datafield>
  <datafield tag="520" ind1="3" ind2=" ">
    <subfield code="a">Diese Broschüre bietet eine Zusammenstellung der verschiedensten Informationen zu den urologischen Krebserkrankungen, um mögliche Fragen durch Wissen zu ersetzen. Prostatakrebs ist die bei Männern am weitesten verbreitete Krebserkrankung. Darüber hinaus sind Nierenkrebs, Tumore in der Blase, Hodenkrebs und das Peniskarzinom die häufigsten Krebserkrankungen im Urogenitaltrakt des Mannes. Die vorliegende Broschüre gibt Ihnen einen Überblick über diese Krebserkrankungen und möchte Sie über Chancen und Möglichkeiten informieren, wie die besten Heilungsaussichten gewahrt werden können. Scheuen Sie sich bitte trotzdem nicht, Ihren behandelnden Ärzt:innen alle Fragen zu stellen, die Sie beschäftigen. Bitte zögern Sie auch nicht, sich vertrauensvoll an eine der österreichweiten Krebshilfe-Beratungsstellen zu wenden.</subfield>
  </datafield>
  <datafield tag="MBD" ind1=" " ind2=" ">
    <subfield code="M">49HBZ_NETWORK</subfield>
    <subfield code="i">99375707820206441</subfield>
    <subfield code="n">HBZ Network</subfield>
  </datafield>
  <datafield tag="MBD" ind1=" " ind2=" ">
    <subfield code="M">49HBZ_ZBM</subfield>
    <subfield code="i">991013988262306472</subfield>
    <subfield code="n">ZB MED</subfield>
  </datafield>
  <datafield tag="MNG" ind1=" " ind2=" ">
    <subfield code="c">System</subfield>
    <subfield code="f">49HBZ_NETWORK</subfield>
    <subfield code="i">marc21</subfield>
    <subfield code="l">74</subfield>
    <subfield code="k">01</subfield>
    <subfield code="e">false</subfield>
    <subfield code="d">2025-08-28 21:07:14 Europe/Berlin</subfield>
    <subfield code="g">99375707820206441</subfield>
    <subfield code="j">60</subfield>
    <subfield code="a">Durschewski######49HBZ_ZBM</subfield>
    <subfield code="b">2025-06-25 15:35:29 Europe/Berlin</subfield>
  </datafield>
  <datafield tag="POR" ind1=" " ind2=" ">
    <subfield code="x">Tobisch</subfield>
    <subfield code="a">53156622780006472</subfield>
    <subfield code="h">EZProxy</subfield>
    <subfield code="M">49HBZ_ZBM</subfield>
    <subfield code="c">static</subfield>
    <subfield code="y">2025-08-28 11:50:30 Europe/Berlin</subfield>
    <subfield code="w">2025-08-28 11:50:30 Europe/Berlin</subfield>
    <subfield code="D">https://eu04.alma.exlibrisgroup.com/view/uresolver/49HBZ_NETWORK/openurl?u.ignore_date_coverage=true&amp;portfolio_pid=53156622780006472&amp;Force_direct=true</subfield>
    <subfield code="v">Tobisch</subfield>
    <subfield code="z">2025-08-28 09:50:30</subfield>
    <subfield code="i">false</subfield>
    <subfield code="S">52156622790006472</subfield>
    <subfield code="d">https://hbz-network.userservices.exlibrisgroup.com/view/uresolver/49HBZ_NETWORK/openurl?u.ignore_date_coverage=true&amp;rft.mms_id=991013988262306472</subfield>
    <subfield code="b">Available</subfield>
    <subfield code="f">BOOK</subfield>
    <subfield code="e">https://doi.org/10.4126/FRL01-006499866</subfield>
    <subfield code="8">53156622780006472</subfield>
  </datafield>
  <datafield tag="GKT" ind1="2" ind2=" ">
    <subfield code="a">Österreichische Krebshilfe - Krebsgesellschaft</subfield>
    <subfield code="A">GND</subfield>
    <subfield code="B">GND-007773404</subfield>
    <subfield code="C">410</subfield>
  </datafield>
  <datafield tag="GKT" ind1="2" ind2=" ">
    <subfield code="a">Österreichische Krebshilfe</subfield>
    <subfield code="A">GND</subfield>
    <subfield code="B">GND-007773404</subfield>
    <subfield code="C">410</subfield>
  </datafield>
  <datafield tag="GKT" ind1="2" ind2=" ">
    <subfield code="a">Krebshilfe-Krebsgesellschaft</subfield>
    <subfield code="g">Österreich</subfield>
    <subfield code="A">GND</subfield>
    <subfield code="B">GND-007773404</subfield>
    <subfield code="C">410</subfield>
  </datafield>
  <datafield tag="GSI" ind1="7" ind2=" ">
    <subfield code="a">2130656-4</subfield>
    <subfield code="0">http://d-nb.info/gnd/2130656-4</subfield>
    <subfield code="2">gnd</subfield>
    <subfield code="A">GND</subfield>
    <subfield code="B">GND-007773404</subfield>
    <subfield code="C">024</subfield>
  </datafield>
</record>
